@book{newbold2013statistics,
  title={Statistics for business and economics},
  author={Newbold, Paul and Carlson, William L and Thorne, Betty M},
  year={2013},
  publisher={Pearson}
}

@book{naghettini2007hidrologia,
  title = {Hidrologia Estatística},
  author = {Naghettini, Mauro and Pinto, Éber José de Andrade},
  year = {2007},
  publisher = {CPRM}
}